% Encoding: UTF-8

@Article{HP2000,
  author    = {J.K.Rowling},
  title     = {Harry Potter},
  journal   = {Story Book},
  year      = {2000},
  publisher = {Story Book},
}

@Comment{jabref-meta: databaseType:biblatex;}
